<record><leader>00000cas a2200000 i 4500</leader><controlfield tag="001">652040586</controlfield><controlfield tag="008">100803c200u9999ctumr ne      0    0eng c</controlfield><datafield ind1=" " ind2=" " tag="010"><subfield code="a">  2010237552</subfield></datafield><datafield ind1=" " ind2=" " tag="040"><subfield code="a">CZL</subfield><subfield code="b">eng</subfield><subfield code="c">CZL</subfield><subfield code="d">CZL</subfield><subfield code="d">OCLCF</subfield><subfield code="d">CZL</subfield></datafield><datafield ind1=" " ind2=" " tag="042"><subfield code="a">pcc</subfield></datafield><datafield ind1=" " ind2=" " tag="043"><subfield code="a">n-us-ct</subfield></datafield><datafield ind1="1" ind2="4" tag="050"><subfield code="a">AN104.M55</subfield><subfield code="b">B44</subfield></datafield><datafield ind1="0" ind2="0" tag="245"><subfield code="a">Bee--intelligencer.</subfield></datafield><datafield ind1=" " ind2=" " tag="260"><subfield code="a">Middlebury, CT :</subfield><subfield code="b">Middlebury Bee Intelligencer Society</subfield></datafield><datafield ind1=" " ind2=" " tag="300"><subfield code="a">volume :</subfield><subfield code="b">illustrations (some color) ;</subfield><subfield code="c">56 cm.</subfield></datafield><datafield ind1=" " ind2=" " tag="310"><subfield code="a">Monthly,</subfield><subfield code="b">July 2014-</subfield></datafield><datafield ind1=" " ind2=" " tag="321"><subfield code="a">Weekly,</subfield><subfield code="b">[between 2006 and 2010]-June 13, 2014</subfield></datafield><datafield ind1=" " ind2=" " tag="336"><subfield code="a">text</subfield><subfield code="2">rdacontent</subfield></datafield><datafield ind1=" " ind2=" " tag="337"><subfield code="a">unmediated</subfield><subfield code="2">rdamedia</subfield></datafield><datafield ind1=" " ind2=" " tag="338"><subfield code="a">volume</subfield><subfield code="2">rdacarrier</subfield></datafield><datafield ind1="1" ind2=" " tag="362"><subfield code="a">Began sometime after October 13, 2006</subfield></datafield><datafield ind1=" " ind2=" " tag="500"><subfield code="a">"Informing the towns of Middlebury, Southbury, Woodbury, Naugatuck, Oxford and Watertown."</subfield></datafield><datafield ind1=" " ind2=" " tag="588"><subfield code="a">Description based on Vol. 6, no. 29 (July 16, 2010); title from masthead.</subfield></datafield><datafield ind1=" " ind2=" " tag="588"><subfield code="a">Latest issue consulted: Vol. 6, no. 35 (Aug. 27, 2010).</subfield></datafield><datafield ind1=" " ind2="0" tag="651"><subfield code="a">Middlebury (Conn.)</subfield><subfield code="v">Newspapers.</subfield></datafield><datafield ind1=" " ind2="0" tag="651"><subfield code="a">Southbury (Conn.)</subfield><subfield code="v">Newspapers.</subfield></datafield><datafield ind1=" " ind2="0" tag="651"><subfield code="a">Woodbury (Conn.)</subfield><subfield code="v">Newspapers.</subfield></datafield><datafield ind1=" " ind2="0" tag="651"><subfield code="a">Naugatuck (Conn.)</subfield><subfield code="v">Newspapers.</subfield></datafield><datafield ind1=" " ind2="0" tag="651"><subfield code="a">Oxford (Conn.)</subfield><subfield code="v">Newspapers.</subfield></datafield><datafield ind1=" " ind2="0" tag="651"><subfield code="a">Watertown (Conn.)</subfield><subfield code="v">Newspapers.</subfield></datafield><datafield ind1=" " ind2="7" tag="651"><subfield code="a">Connecticut</subfield><subfield code="z">Middlebury.</subfield><subfield code="2">fast</subfield><subfield code="0">(OCoLC)fst01254923</subfield></datafield><datafield ind1=" " ind2="7" tag="651"><subfield code="a">Connecticut</subfield><subfield code="z">Naugatuck.</subfield><subfield code="2">fast</subfield><subfield code="0">(OCoLC)fst01228850</subfield></datafield><datafield ind1=" " ind2="7" tag="651"><subfield code="a">Connecticut</subfield><subfield code="z">Oxford.</subfield><subfield code="2">fast</subfield><subfield code="0">(OCoLC)fst01305804</subfield></datafield><datafield ind1=" " ind2="7" tag="651"><subfield code="a">Connecticut</subfield><subfield code="z">Southbury.</subfield><subfield code="2">fast</subfield><subfield code="0">(OCoLC)fst01261421</subfield></datafield><datafield ind1=" " ind2="7" tag="651"><subfield code="a">Connecticut</subfield><subfield code="z">Watertown.</subfield><subfield code="2">fast</subfield><subfield code="0">(OCoLC)fst01215170</subfield></datafield><datafield ind1=" " ind2="7" tag="651"><subfield code="a">Connecticut</subfield><subfield code="z">Woodbury.</subfield><subfield code="2">fast</subfield><subfield code="0">(OCoLC)fst01226231</subfield></datafield><datafield ind1=" " ind2="7" tag="655"><subfield code="a">Newspapers.</subfield><subfield code="2">fast</subfield><subfield code="0">(OCoLC)fst01423814</subfield></datafield><datafield ind1=" " ind2=" " tag="752"><subfield code="a">United States</subfield><subfield code="b">Connecticut</subfield><subfield code="c">New Haven</subfield><subfield code="d">Middlebury.</subfield></datafield><datafield ind1="0" ind2="0" tag="780"><subfield code="t">Middlebury bee intellegencer</subfield><subfield code="w">(OCoLC)854555228</subfield></datafield></record>